%============ Bibliography Syntaxe ============%
%      Just follow examples written below      %
%==============================================%

@electronic{webArticle1,
  author        = "Sofia Technologies",
  title         = "Site SOFIA Holding",
  url           = "http://www.sofia-technologies.com",
  year          = "2017",
  note          = "[Accès le 03-Septembre-2018]"
}

%% You must use a backslash before special characters such as underscores, etc. in URLs
@electronic{webArticle2,
  author        = "Marion Dumontet",
  organization  = "Blog Affichage Dynamique",
  title         = "Proof-Of-Concept",
  url           = "http://affichage-dynamique-facile.com/poc-proof-of-concept/",
  year          = "Jui. 2017",
  note          = "[Accès le 04-Septembre-2018]"
}
@electronic{webArticle3,
  author        = "Will Alexander",
  organization  = "OpenClassroom",
  title         = "Développez des applications Web avec Angular",
  url           = "https://openclassrooms.com/fr/courses/4668271-developpez-des-applications-web-avec-angular",
  year          = "Jan. 2015",
  note          = "[Accès le 05-Septembre-2018]"
}